%YAML 1.1
%TAG !u! tag:unity3d.com,2011:
--- !u!1 &2884345100184670089
GameObject:
  m_ObjectHideFlags: 0
  m_CorrespondingSourceObject: {fileID: 0}
  m_PrefabInstance: {fileID: 0}
  m_PrefabAsset: {fileID: 0}
  serializedVersion: 6
  m_Component:
  - component: {fileID: 2771328328029636611}
  m_Layer: 0
  m_Name: UserObjects
  m_TagString: Untagged
  m_Icon: {fileID: 0}
  m_NavMeshLayer: 0
  m_StaticEditorFlags: 0
  m_IsActive: 1
--- !u!4 &2771328328029636611
Transform:
  m_ObjectHideFlags: 0
  m_CorrespondingSourceObject: {fileID: 0}
  m_PrefabInstance: {fileID: 0}
  m_PrefabAsset: {fileID: 0}
  m_GameObject: {fileID: 2884345100184670089}
  m_LocalRotation: {x: -0, y: -0, z: -0, w: 1}
  m_LocalPosition: {x: 0, y: -0.37, z: 0}
  m_LocalScale: {x: 1, y: 1, z: 1}
  m_Children:
  - {fileID: 4675309134013820864}
  - {fileID: 4675309132524014447}
  m_Father: {fileID: 4675309132675683414}
  m_RootOrder: 0
  m_LocalEulerAnglesHint: {x: 0, y: 0, z: 0}
--- !u!65 &4675309133168476700
BoxCollider:
  m_ObjectHideFlags: 0
  m_CorrespondingSourceObject: {fileID: 0}
  m_PrefabInstance: {fileID: 0}
  m_PrefabAsset: {fileID: 0}
  m_GameObject: {fileID: 4675309132524246927}
  m_Material: {fileID: 0}
  m_IsTrigger: 1
  m_Enabled: 1
  serializedVersion: 2
  m_Size: {x: 0.015758304, y: 0.019983795, z: 0.0053774216}
  m_Center: {x: -0.00025442895, y: -0.0016440344, z: -0.0005255409}
--- !u!114 &4675309133168476691
MonoBehaviour:
  m_ObjectHideFlags: 0
  m_CorrespondingSourceObject: {fileID: 0}
  m_PrefabInstance: {fileID: 0}
  m_PrefabAsset: {fileID: 0}
  m_GameObject: {fileID: 4675309132524246927}
  m_Enabled: 1
  m_EditorHideFlags: 0
  m_Script: {fileID: 11500000, guid: 66c9daad538b8c04494e5a87fdccbbce, type: 3}
  m_Name: 
  m_EditorClassIdentifier: 
  MainCamera: {fileID: 4675309132675681195}
  proyectil: {fileID: 0}
  proteccionMax: 0.3
  DisponibilidadEscudo: 1
--- !u!1 &4675309132675681194
GameObject:
  m_ObjectHideFlags: 0
  m_CorrespondingSourceObject: {fileID: 0}
  m_PrefabInstance: {fileID: 0}
  m_PrefabAsset: {fileID: 0}
  serializedVersion: 6
  m_Component:
  - component: {fileID: 4675309132675683414}
  - component: {fileID: 4675309132675681195}
  - component: {fileID: 4675309132675683413}
  - component: {fileID: 4675309132675683412}
  m_Layer: 0
  m_Name: MainCamera
  m_TagString: MainCamera
  m_Icon: {fileID: 0}
  m_NavMeshLayer: 0
  m_StaticEditorFlags: 0
  m_IsActive: 1
--- !u!4 &4675309132675683414
Transform:
  m_ObjectHideFlags: 0
  m_CorrespondingSourceObject: {fileID: 0}
  m_PrefabInstance: {fileID: 0}
  m_PrefabAsset: {fileID: 0}
  m_GameObject: {fileID: 4675309132675681194}
  m_LocalRotation: {x: -0, y: -0, z: -0, w: 1}
  m_LocalPosition: {x: 0, y: 0.37, z: 0}
  m_LocalScale: {x: 1, y: 1, z: 1}
  m_Children:
  - {fileID: 2771328328029636611}
  m_Father: {fileID: 4675309133068559893}
  m_RootOrder: 0
  m_LocalEulerAnglesHint: {x: 0, y: 0, z: 0}
--- !u!20 &4675309132675681195
Camera:
  m_ObjectHideFlags: 0
  m_CorrespondingSourceObject: {fileID: 0}
  m_PrefabInstance: {fileID: 0}
  m_PrefabAsset: {fileID: 0}
  m_GameObject: {fileID: 4675309132675681194}
  m_Enabled: 1
  serializedVersion: 2
  m_ClearFlags: 1
  m_BackGroundColor: {r: 0.19215687, g: 0.3019608, b: 0.4745098, a: 0}
  m_projectionMatrixMode: 1
  m_GateFitMode: 2
  m_FOVAxisMode: 0
  m_SensorSize: {x: 36, y: 24}
  m_LensShift: {x: 0, y: 0}
  m_FocalLength: 50
  m_NormalizedViewPortRect:
    serializedVersion: 2
    x: 0
    y: 0
    width: 1
    height: 1
  near clip plane: 0.3
  far clip plane: 1000
  field of view: 60
  orthographic: 0
  orthographic size: 5
  m_Depth: -1
  m_CullingMask:
    serializedVersion: 2
    m_Bits: 4294967295
  m_RenderingPath: -1
  m_TargetTexture: {fileID: 0}
  m_TargetDisplay: 0
  m_TargetEye: 3
  m_HDR: 1
  m_AllowMSAA: 1
  m_AllowDynamicResolution: 0
  m_ForceIntoRT: 0
  m_OcclusionCulling: 1
  m_StereoConvergence: 10
  m_StereoSeparation: 0.022
--- !u!81 &4675309132675683413
AudioListener:
  m_ObjectHideFlags: 0
  m_CorrespondingSourceObject: {fileID: 0}
  m_PrefabInstance: {fileID: 0}
  m_PrefabAsset: {fileID: 0}
  m_GameObject: {fileID: 4675309132675681194}
  m_Enabled: 1
--- !u!114 &4675309132675683412
MonoBehaviour:
  m_ObjectHideFlags: 0
  m_CorrespondingSourceObject: {fileID: 0}
  m_PrefabInstance: {fileID: 0}
  m_PrefabAsset: {fileID: 0}
  m_GameObject: {fileID: 4675309132675681194}
  m_Enabled: 1
  m_EditorHideFlags: 0
  m_Script: {fileID: 11500000, guid: 3d7f142794fce0a4f882a900860af90a, type: 3}
  m_Name: 
  m_EditorClassIdentifier: 
  sensibilidad: 5
  suavizado: 2
--- !u!1 &4675309133068559983
GameObject:
  m_ObjectHideFlags: 0
  m_CorrespondingSourceObject: {fileID: 0}
  m_PrefabInstance: {fileID: 0}
  m_PrefabAsset: {fileID: 0}
  serializedVersion: 6
  m_Component:
  - component: {fileID: 4675309133068559893}
  - component: {fileID: 4675309133068559892}
  - component: {fileID: 4675309133068559979}
  - component: {fileID: 4675309133068559978}
  - component: {fileID: 4675309133068559977}
  - component: {fileID: 4675309133068559976}
  m_Layer: 0
  m_Name: Jugador
  m_TagString: Player
  m_Icon: {fileID: 0}
  m_NavMeshLayer: 0
  m_StaticEditorFlags: 0
  m_IsActive: 1
--- !u!4 &4675309133068559893
Transform:
  m_ObjectHideFlags: 0
  m_CorrespondingSourceObject: {fileID: 0}
  m_PrefabInstance: {fileID: 0}
  m_PrefabAsset: {fileID: 0}
  m_GameObject: {fileID: 4675309133068559983}
  m_LocalRotation: {x: 0, y: 0, z: 0, w: 1}
  m_LocalPosition: {x: 0, y: 1, z: 0}
  m_LocalScale: {x: 1, y: 1, z: 1}
  m_Children:
  - {fileID: 4675309132675683414}
  m_Father: {fileID: 0}
  m_RootOrder: 0
  m_LocalEulerAnglesHint: {x: 0, y: 0, z: 0}
--- !u!33 &4675309133068559892
MeshFilter:
  m_ObjectHideFlags: 0
  m_CorrespondingSourceObject: {fileID: 0}
  m_PrefabInstance: {fileID: 0}
  m_PrefabAsset: {fileID: 0}
  m_GameObject: {fileID: 4675309133068559983}
  m_Mesh: {fileID: 10208, guid: 0000000000000000e000000000000000, type: 0}
--- !u!23 &4675309133068559979
MeshRenderer:
  m_ObjectHideFlags: 0
  m_CorrespondingSourceObject: {fileID: 0}
  m_PrefabInstance: {fileID: 0}
  m_PrefabAsset: {fileID: 0}
  m_GameObject: {fileID: 4675309133068559983}
  m_Enabled: 0
  m_CastShadows: 1
  m_ReceiveShadows: 1
  m_DynamicOccludee: 1
  m_MotionVectors: 1
  m_LightProbeUsage: 1
  m_ReflectionProbeUsage: 1
  m_RayTracingMode: 2
  m_RenderingLayerMask: 1
  m_RendererPriority: 0
  m_Materials:
  - {fileID: 10303, guid: 0000000000000000f000000000000000, type: 0}
  m_StaticBatchInfo:
    firstSubMesh: 0
    subMeshCount: 0
  m_StaticBatchRoot: {fileID: 0}
  m_ProbeAnchor: {fileID: 0}
  m_LightProbeVolumeOverride: {fileID: 0}
  m_ScaleInLightmap: 1
  m_ReceiveGI: 1
  m_PreserveUVs: 0
  m_IgnoreNormalsForChartDetection: 0
  m_ImportantGI: 0
  m_StitchLightmapSeams: 1
  m_SelectedEditorRenderState: 3
  m_MinimumChartSize: 4
  m_AutoUVMaxDistance: 0.5
  m_AutoUVMaxAngle: 89
  m_LightmapParameters: {fileID: 0}
  m_SortingLayerID: 0
  m_SortingLayer: 0
  m_SortingOrder: 0
--- !u!136 &4675309133068559978
CapsuleCollider:
  m_ObjectHideFlags: 0
  m_CorrespondingSourceObject: {fileID: 0}
  m_PrefabInstance: {fileID: 0}
  m_PrefabAsset: {fileID: 0}
  m_GameObject: {fileID: 4675309133068559983}
  m_Material: {fileID: 0}
  m_IsTrigger: 0
  m_Enabled: 1
  m_Radius: 0.5
  m_Height: 2
  m_Direction: 1
  m_Center: {x: 0, y: 0, z: 0}
--- !u!54 &4675309133068559977
Rigidbody:
  m_ObjectHideFlags: 0
  m_CorrespondingSourceObject: {fileID: 0}
  m_PrefabInstance: {fileID: 0}
  m_PrefabAsset: {fileID: 0}
  m_GameObject: {fileID: 4675309133068559983}
  serializedVersion: 2
  m_Mass: 1
  m_Drag: 0
  m_AngularDrag: 0.05
  m_UseGravity: 1
  m_IsKinematic: 0
  m_Interpolate: 0
  m_Constraints: 112
  m_CollisionDetection: 0
--- !u!114 &4675309133068559976
MonoBehaviour:
  m_ObjectHideFlags: 0
  m_CorrespondingSourceObject: {fileID: 0}
  m_PrefabInstance: {fileID: 0}
  m_PrefabAsset: {fileID: 0}
  m_GameObject: {fileID: 4675309133068559983}
  m_Enabled: 1
  m_EditorHideFlags: 0
  m_Script: {fileID: 11500000, guid: 2c457bd7e1fe7f8458364de6f6a34af2, type: 3}
  m_Name: 
  m_EditorClassIdentifier: 
  PuedeSaltar: 0
  MainCamera: {fileID: 4675309132675681195}
  jump: {x: 0, y: 0, z: 0}
  FuerzaDeSalto: 5
--- !u!65 &4675309132847654153
BoxCollider:
  m_ObjectHideFlags: 0
  m_CorrespondingSourceObject: {fileID: 0}
  m_PrefabInstance: {fileID: 0}
  m_PrefabAsset: {fileID: 0}
  m_GameObject: {fileID: 4675309134014157344}
  m_Material: {fileID: 0}
  m_IsTrigger: 1
  m_Enabled: 1
  serializedVersion: 2
  m_Size: {x: 0.0068783085, y: 0.02225223, z: 0.002622805}
  m_Center: {x: -0.000016602222, y: 0.005642764, z: -0.000010593503}
--- !u!114 &4675309132847654152
MonoBehaviour:
  m_ObjectHideFlags: 0
  m_CorrespondingSourceObject: {fileID: 0}
  m_PrefabInstance: {fileID: 0}
  m_PrefabAsset: {fileID: 0}
  m_GameObject: {fileID: 4675309134014157344}
  m_Enabled: 1
  m_EditorHideFlags: 0
  m_Script: {fileID: 11500000, guid: 7be4f4a2f9e622945aedec4f6de5076a, type: 3}
  m_Name: 
  m_EditorClassIdentifier: 
  shield: {fileID: 0}
  MainCamera: {fileID: 4675309132675681195}
  PuedeAtacar: 1
--- !u!1001 &4675309132524097551
PrefabInstance:
  m_ObjectHideFlags: 0
  serializedVersion: 2
  m_Modification:
    m_TransformParent: {fileID: 2771328328029636611}
    m_Modifications:
    - target: {fileID: 149376, guid: 8de23ea89093a8e4c922b0d019cb9040, type: 3}
      propertyPath: m_Name
      value: shield
      objectReference: {fileID: 0}
    - target: {fileID: 149376, guid: 8de23ea89093a8e4c922b0d019cb9040, type: 3}
      propertyPath: m_TagString
      value: Player
      objectReference: {fileID: 0}
    - target: {fileID: 449376, guid: 8de23ea89093a8e4c922b0d019cb9040, type: 3}
      propertyPath: m_LocalPosition.x
      value: 0.463
      objectReference: {fileID: 0}
    - target: {fileID: 449376, guid: 8de23ea89093a8e4c922b0d019cb9040, type: 3}
      propertyPath: m_LocalPosition.y
      value: -0.22799999
      objectReference: {fileID: 0}
    - target: {fileID: 449376, guid: 8de23ea89093a8e4c922b0d019cb9040, type: 3}
      propertyPath: m_LocalPosition.z
      value: 0.67
      objectReference: {fileID: 0}
    - target: {fileID: 449376, guid: 8de23ea89093a8e4c922b0d019cb9040, type: 3}
      propertyPath: m_LocalRotation.x
      value: 0.000000021855694
      objectReference: {fileID: 0}
    - target: {fileID: 449376, guid: 8de23ea89093a8e4c922b0d019cb9040, type: 3}
      propertyPath: m_LocalRotation.y
      value: -0
      objectReference: {fileID: 0}
    - target: {fileID: 449376, guid: 8de23ea89093a8e4c922b0d019cb9040, type: 3}
      propertyPath: m_LocalRotation.z
      value: -0
      objectReference: {fileID: 0}
    - target: {fileID: 449376, guid: 8de23ea89093a8e4c922b0d019cb9040, type: 3}
      propertyPath: m_LocalRotation.w
      value: 1
      objectReference: {fileID: 0}
    - target: {fileID: 449376, guid: 8de23ea89093a8e4c922b0d019cb9040, type: 3}
      propertyPath: m_RootOrder
      value: 1
      objectReference: {fileID: 0}
    - target: {fileID: 449376, guid: 8de23ea89093a8e4c922b0d019cb9040, type: 3}
      propertyPath: m_LocalEulerAnglesHint.x
      value: 0
      objectReference: {fileID: 0}
    - target: {fileID: 449376, guid: 8de23ea89093a8e4c922b0d019cb9040, type: 3}
      propertyPath: m_LocalEulerAnglesHint.y
      value: 0
      objectReference: {fileID: 0}
    - target: {fileID: 449376, guid: 8de23ea89093a8e4c922b0d019cb9040, type: 3}
      propertyPath: m_LocalEulerAnglesHint.z
      value: 0
      objectReference: {fileID: 0}
    - target: {fileID: 449376, guid: 8de23ea89093a8e4c922b0d019cb9040, type: 3}
      propertyPath: m_LocalScale.x
      value: 49.929253
      objectReference: {fileID: 0}
    - target: {fileID: 449376, guid: 8de23ea89093a8e4c922b0d019cb9040, type: 3}
      propertyPath: m_LocalScale.y
      value: 49.92925
      objectReference: {fileID: 0}
    - target: {fileID: 449376, guid: 8de23ea89093a8e4c922b0d019cb9040, type: 3}
      propertyPath: m_LocalScale.z
      value: 49.92925
      objectReference: {fileID: 0}
    - target: {fileID: 9549376, guid: 8de23ea89093a8e4c922b0d019cb9040, type: 3}
      propertyPath: m_Controller
      value: 
      objectReference: {fileID: 9100000, guid: 10a98d641bec4cf46b97afe35844da9c, type: 2}
    - target: {fileID: 9549376, guid: 8de23ea89093a8e4c922b0d019cb9040, type: 3}
      propertyPath: m_ApplyRootMotion
      value: 0
      objectReference: {fileID: 0}
    - target: {fileID: 9549376, guid: 8de23ea89093a8e4c922b0d019cb9040, type: 3}
      propertyPath: m_Avatar
      value: 
      objectReference: {fileID: 9000000, guid: f7d5bd2cef95125449871567fb789019, type: 3}
    m_RemovedComponents: []
  m_SourcePrefab: {fileID: 100100000, guid: 8de23ea89093a8e4c922b0d019cb9040, type: 3}
--- !u!1 &4675309132524246927 stripped
GameObject:
  m_CorrespondingSourceObject: {fileID: 149376, guid: 8de23ea89093a8e4c922b0d019cb9040,
    type: 3}
  m_PrefabInstance: {fileID: 4675309132524097551}
  m_PrefabAsset: {fileID: 0}
--- !u!4 &4675309132524014447 stripped
Transform:
  m_CorrespondingSourceObject: {fileID: 449376, guid: 8de23ea89093a8e4c922b0d019cb9040,
    type: 3}
  m_PrefabInstance: {fileID: 4675309132524097551}
  m_PrefabAsset: {fileID: 0}
--- !u!1001 &4675309134014261044
PrefabInstance:
  m_ObjectHideFlags: 0
  serializedVersion: 2
  m_Modification:
    m_TransformParent: {fileID: 2771328328029636611}
    m_Modifications:
    - target: {fileID: 177428, guid: 7aea892cf56e0344f84ae9eea30c643a, type: 3}
      propertyPath: m_Name
      value: sword
      objectReference: {fileID: 0}
    - target: {fileID: 177428, guid: 7aea892cf56e0344f84ae9eea30c643a, type: 3}
      propertyPath: m_TagString
      value: PlayerDMG
      objectReference: {fileID: 0}
    - target: {fileID: 477428, guid: 7aea892cf56e0344f84ae9eea30c643a, type: 3}
      propertyPath: m_LocalPosition.x
      value: -0.756
      objectReference: {fileID: 0}
    - target: {fileID: 477428, guid: 7aea892cf56e0344f84ae9eea30c643a, type: 3}
      propertyPath: m_LocalPosition.y
      value: -0.575
      objectReference: {fileID: 0}
    - target: {fileID: 477428, guid: 7aea892cf56e0344f84ae9eea30c643a, type: 3}
      propertyPath: m_LocalPosition.z
      value: 0.675
      objectReference: {fileID: 0}
    - target: {fileID: 477428, guid: 7aea892cf56e0344f84ae9eea30c643a, type: 3}
      propertyPath: m_LocalRotation.x
      value: 0.000000021855694
      objectReference: {fileID: 0}
    - target: {fileID: 477428, guid: 7aea892cf56e0344f84ae9eea30c643a, type: 3}
      propertyPath: m_LocalRotation.y
      value: -0
      objectReference: {fileID: 0}
    - target: {fileID: 477428, guid: 7aea892cf56e0344f84ae9eea30c643a, type: 3}
      propertyPath: m_LocalRotation.z
      value: -0
      objectReference: {fileID: 0}
    - target: {fileID: 477428, guid: 7aea892cf56e0344f84ae9eea30c643a, type: 3}
      propertyPath: m_LocalRotation.w
      value: 1
      objectReference: {fileID: 0}
    - target: {fileID: 477428, guid: 7aea892cf56e0344f84ae9eea30c643a, type: 3}
      propertyPath: m_RootOrder
      value: 0
      objectReference: {fileID: 0}
    - target: {fileID: 477428, guid: 7aea892cf56e0344f84ae9eea30c643a, type: 3}
      propertyPath: m_LocalEulerAnglesHint.x
      value: 0
      objectReference: {fileID: 0}
    - target: {fileID: 477428, guid: 7aea892cf56e0344f84ae9eea30c643a, type: 3}
      propertyPath: m_LocalEulerAnglesHint.y
      value: 0
      objectReference: {fileID: 0}
    - target: {fileID: 477428, guid: 7aea892cf56e0344f84ae9eea30c643a, type: 3}
      propertyPath: m_LocalEulerAnglesHint.z
      value: 0
      objectReference: {fileID: 0}
    - target: {fileID: 477428, guid: 7aea892cf56e0344f84ae9eea30c643a, type: 3}
      propertyPath: m_LocalScale.x
      value: 65.02766
      objectReference: {fileID: 0}
    - target: {fileID: 477428, guid: 7aea892cf56e0344f84ae9eea30c643a, type: 3}
      propertyPath: m_LocalScale.y
      value: 65.02766
      objectReference: {fileID: 0}
    - target: {fileID: 477428, guid: 7aea892cf56e0344f84ae9eea30c643a, type: 3}
      propertyPath: m_LocalScale.z
      value: 65.027664
      objectReference: {fileID: 0}
    - target: {fileID: 9577428, guid: 7aea892cf56e0344f84ae9eea30c643a, type: 3}
      propertyPath: m_Controller
      value: 
      objectReference: {fileID: 9100000, guid: 10a98d641bec4cf46b97afe35844da9c, type: 2}
    - target: {fileID: 9577428, guid: 7aea892cf56e0344f84ae9eea30c643a, type: 3}
      propertyPath: m_ApplyRootMotion
      value: 0
      objectReference: {fileID: 0}
    m_RemovedComponents: []
  m_SourcePrefab: {fileID: 100100000, guid: 7aea892cf56e0344f84ae9eea30c643a, type: 3}
--- !u!1 &4675309134014157344 stripped
GameObject:
  m_CorrespondingSourceObject: {fileID: 177428, guid: 7aea892cf56e0344f84ae9eea30c643a,
    type: 3}
  m_PrefabInstance: {fileID: 4675309134014261044}
  m_PrefabAsset: {fileID: 0}
--- !u!4 &4675309134013820864 stripped
Transform:
  m_CorrespondingSourceObject: {fileID: 477428, guid: 7aea892cf56e0344f84ae9eea30c643a,
    type: 3}
  m_PrefabInstance: {fileID: 4675309134014261044}
  m_PrefabAsset: {fileID: 0}
